@article{weninger2014exploration,
  title={An exploration of submissions and discussions in social news: Mining collective intelligence of Reddit},
  author={Weninger, Tim},
  journal={Social Network Analysis and Mining},
  volume={4},
  number={1},
  pages={173},
  year={2014},
  publisher={Springer}
}

@inproceedings{mishne2006leave,
  title={Leave a reply: An analysis of weblog comments},
  author={Mishne, Gilad and Glance, Natalie and others},
  booktitle={Third annual workshop on the Weblogging ecosystem},
  year={2006},
  organization={Edinburgh, Scotland}
}

@misc{ref:alexa,
  title = {{Alexa Top 500 Websites}},
  howpublished = {\url{https://www.alexa.com/topsites}},
  note = {Accessed: 2018-05-14}
}

@misc{wiki:intention,
  title = {{Nationwide opinion polling for the United States presidential election, 2012}},
  howpublished = {\url{https://en.wikipedia.org/wiki/Nationwide_opinion_polling_for_the_United_States_presidential_election,_2012}},
  note = {Accessed: 2018-05-22}
}

@misc{reddit_download,
  title = {{Reddit Content Database}},
  howpublished = {\url{http://files.pushshift.io/reddit/}},
  note = {Accessed: 2018-05-22}
}

@misc{sklearn,
  title = {scikit-learn: machine learning for Python},
  howpublished = {\url{http://scikit-learn.org/stable/}},
  note = {Accessed: 2018-05-22}
}

@misc{nltk,
  title = {{Natural Language Toolkit}},
  howpublished = {\url{https://www.nltk.org/}},
  note = {Accessed: 2018-05-22}
}

@misc{networkx,
  title = {{NetworkX}},
  howpublished = {\url{https://networkx.github.io/}},
  note = {Accessed: 2018-05-22}
}

@inproceedings{gilbert2014vader,
  title={Vader: A parsimonious rule-based model for sentiment analysis of social media text},
  author={Gilbert, CJ Hutto Eric},
  booktitle={Eighth International Conference on Weblogs and Social Media (ICWSM-14). Available at (20/04/16) http://comp. social. gatech. edu/papers/icwsm14. vader. hutto. pdf},
  year={2014}
}

@article{first_debate, 
title={Six reasons Mitt Romney won the first debate}, 
url={https://www.washingtonpost.com/news/the-fix/wp/2012/10/04/six-reasons-mitt-romney-won-the-first-debate/?utm_term=.bea6aa5f3495}, 
journal={The Washington Post}, 
author={Blake, Aaron}, 
year={2012}, 
month={Oct}
}
@article{vp_debate, 
title={The Vice-President Debate: Joe Biden delivers a decisive win over Paul Ryan}, 
url={https://www.vanityfair.com/news/2012/10/joe-biden-wins-vice-presidential-debate}, 
journal={Vanity Fair}, 
author={Purdum, Todd}, 
year={2012}, 
month={Oct}
}
@article{second_debate, 
title={Second US presidential debate: Obama versus Romney}, 
url={https://www.theguardian.com/world/2012/oct/16/obama-romney-second-debate-live}, 
journal={The Guardian}, 
author={Adams, Richard}, 
year={2012}, 
month={Oct}
}
@article{third_debate, 
title={The Final Presidential Debate: Four Punches That Knocked Out Mitt Romney}, 
url={https://www.rollingstone.com/politics/news/the-four-punches-that-knocked-out-romney-20121023}, 
journal={Rolling Stone}, 
author={Dickinson, Tim}, 
year={2012}, 
month={Oct}
}

@misc{nytimes_election,
  title = {President Map - Election 2012 - NYTimes.com},
  howpublished = {\url{https://www.nytimes.com/elections/2012/results/president.html}},
  note = {Accessed: 2018-05-22}
}

@misc{vote_intent,
  title = {Nationwide opinion polling for the USA presidential election, 2012},
  howpublished = {\url{https://en.wikipedia.org/wiki/Nationwide_opinion_polling_for_the_United_States_presidential_election,_2012}},
  note = {Accessed: 2018-05-22}
}
